<?xml version="1.0" encoding="UTF-8"?><collection xmlns="http://www.loc.gov/MARC21/slim"><record><leader>00396nam--2200121-i-4500</leader><controlfield tag="001">000040176</controlfield><controlfield tag="002">20161230</controlfield><controlfield tag="005">20161230201042</controlfield><controlfield tag="008">060222s1000------------r-----000-0-eng-d</controlfield><datafield ind1=" " ind2=" " tag="080"><subfield code="a">539.1(038)=002=82=20:621.039(038)=002=82=20:801.323.2=82=20</subfield></datafield><datafield ind1=" " ind2=" " tag="245"><subfield code="a">Russian - english glossary of nuclear and physics and engineering ..</subfield></datafield><datafield ind1=" " ind2=" " tag="260"><subfield code="a">New York, Consultants Bureau, Inc., /1957/, 195p</subfield></datafield><datafield ind1=" " ind2=" " tag="852"><subfield code="a">D.15</subfield></datafield></record></collection>